%%%%%%%%%%%%%%%%%%%%%%%%%%%%%%%%%%%%%%%%%%%%%%%%%%%%%%%%%%%%%%%%%%%%%%%%%%%%%%%%
% GENERAL REFERENCES

@report{gosling2013:java_spec,
  author = {Gosling, James and Joy, Bill and Steele, Guy and Brache, Gilad and Buckley, Alex},
  title = {The {Java®} Language Specification, {Java SE 7} Edition},
  year = {2013},
  %type = {Language specification},
  url = {http://docs.oracle.com/javase/specs/jls/se7/html/index.html},
  urldate = {2015-04-23},
  institution = {Oracle},
}

@report{lindholm2013:jvm_spec,
  author = {Lindholm, Tim and Yellin, Frank and Bracha, Gilad and Buckley, Alex},
  title = {The {Java® Virtual Machine} Specification, {Java SE 7} Edition},
  year = {2013},
  %type = {Language Specification},
  url = {http://docs.oracle.com/javase/specs/jvms/se7/html/index.html},
  urldate = {2015-04-23},
  institution = {Oracle}
}

@online{oracle:java_api_spec,
  organization = {Oracle},
  title = {{Java™ Platform, Standard Edition 7}: {API} Specification},
  url = {http://docs.oracle.com/javase/7/docs/api/index.html},
  urldate = {2015-04-23},
  label = {JavaAPI}
}

@report{torgerson2010:asynchronous,
	title = {Asynchronous Functions in {C\#}},
	institution = {Microsoft},
	author = {Torgerson, Mads},
	date = {2010},
%   url = {http://www.microsoft.com/download/confirmation.aspx?id=23753},
%   urldate = {2015-06-21}
}

@book{thompson1991:type,
  title = {Type theory and Functional Programming},
  author = {Thompson, Simon},
  year = {1991},
  publisher = {Addison Wesley}
}

@incollection{hammond1990:type_classes,
  year = {1990},
  booktitle = {Functional Programming},
  series = {Workshops in Computing},
  doi = {10.1007/978-1-4471-3166-3_18},
  title = {Implementing {Haskell} Type Classes},
  publisher = {Springer},
  author = {Hammond, K. and Blott, S.},
  pages = {265-286}
}

% @incollection{kaes1988:parametric,
%   year={1988},
%   booktitle={ESOP '88},
%   volume={300},
%   series={Lecture Notes in Computer Science},
%   editor={Ganzinger, H.},
%   doi={10.1007/3-540-19027-9_9},
%   title={Parametric overloading in polymorphic programming languages},
%   publisher={Springer},
%   location = {Berlin, Heidelberg},
%   author={Kaes, Stefan},
%   pages={131-144},
% }

@inproceedings{wadler1989:ad-hoc,
	title = {How to make ad-hoc polymorphism less ad hoc},
	doi = {10.1145/75277.75283},
	pages = {60--76},
	booktitle = {Proceedings of the 16th {ACM} {SIGPLAN}-{SIGACT} symposium on Principles of
                  Programming Languages ({POPL})},
	publisher = {{ACM}},
	author = {Wadler, Philip and Blott, Stephen},
	date = {1989}
}

@article{strachey2000:fundamental,
  year = {2000},
  journal = {Higher-Order and Symbolic Computation},
  volume = {13},
  number = {1--2},
  doi = {10.1023/A:1010000313106},
  title = {Fundamental Concepts in Programming Languages},
  publisher = {Kluwer},
  author = {Strachey, Christopher},
  pages = {11--49},
}

@article{coplien1995:template,
  author = {Coplien, J.},
  title = {Curiously recurring template patterns},
  journaltitle = {{C++} Report},
  volume = {7},
  issue = {2},
  pages = {24--27},
  year = {1995}
}

@article{mccarthy1960:recursive,
	title = {Recursive functions of symbolic expressions and their computation by machine, part {I}},
	volume = {3},
	pages = {184--195},
	number = {4},
	journaltitle = {Communications of the {ACM}},
	shortjournal = {Commun. {ACM}},
	author = {{McCarthy}, John},
	date = {1960},
  doi = {10.1145/367177.367199}
}

@article{moggi1991:monads,
	title = {Notions of computation and monads },
	journaltitle = {Information and Computation},
	volume = {93},
	number = {1},
	pages = {55--92},
	year = {1991},
	%note = {Selections from 1989 {IEEE} Symposium on Logic in Computer Science},
	doi = {10.1016/0890-5401(91)90052-4},
	author = {Moggi, Eugenio}
}

@book{pierce2002:types,
	location = {Cambridge},
	title = {Types and Programming Languages},
	publisher = {{MIT} Press},
	author = {Pierce, Benjamin C.},
	date = {2002},
  shorthand = {{TaPL02}}
}

@techreport{leijen2001:parsec,
	title = {{Parsec}: Direct Style Monadic Parser Combinators for the Real World},
	institution = {Departement of Computer Science, Universiteit Utrecht},
	author = {Leijen, Daan and Meijer, Erik},
	date = {2001},
	url = {http://dspace.library.uu.nl/handle/1874/2535},
	urldate = {2015-06-09}
}

@article{lillibridge1999:unchecked,
  year = {1999},
  journal = {Higher-Order and Symbolic Computation},
  volume = {12},
  number = {1},
  doi = {10.1023/A:1010020917337},
  title = {Unchecked Exceptions Can Be Strictly More Powerful Than Call/CC},
  author = {Lillibridge, Mark},
  pages = {75--104}
}

@report{selivanov2015:coroutines,
  year = {2015},
  author = {Selivanov, Yury},
  title = {{PEP} {0492~--} Coroutines with async and await syntax},
  institution = {Python Software Foundation},
  url = {https://www.python.org/dev/peps/pep-0492},
  urldate = {2015-11-01}
}

@manual{r2015,
  title        = {{R}: {A} Language and Environment for Statistical
                  Computing},
  author       = {{R Core Team}},
  organization = {{R} Foundation for Statistical Computing},
  address      = {Vienna},
  year         = 2015,
  url          = {https://www.R-project.org},
  urldata = {2015-11-14},
  shorthand = {R15}
}

@manual{syme2012:fsharp,
  title = {The {F\#} 3.0 Language Specification},
  author = {Syme, Don},
  organization = {{Microsoft Research}},
  year = 2012,
  url = {http://fsharp.org/specs/language-spec/3.0/FSharpSpec-3.0-final.pdf},
  urldate = {2015-11-26}
}

% @report{microsoft:csharp_spec,
%   organization = {Microsoft},
%   title = {C\# Language Specification Version 4.0},
%   year = {2013}
% }


%%%%%%%%%%%%%%%%%%%%%%%%%%%%%%%%%%%%%%%%%%%%%%%%%%%%%%%%%%%%%%%%%%%%%%%%%%%%%%%%
% DSLs

@book{abelson1996:structure,
	location = {Cambridge},
	edition = {2},
	title = {Structure and Interpretation of Computer Programs},
	publisher = {{MIT} Press},
	author = {Abelson, Harold and Sussman, Gerald Jay},
	date = {1996},
  shorthand = {{SICP96}}
}

@article{sammet1972:programming,
	title = {Programming languages: history and future},
	volume = {15},
	doi = {10.1145/361454.361485},
	pages = {601--610},
	number = {7},
	journaltitle = {Communications of the {ACM}},
	author = {Sammet, Jean E.},
	date = {1972}
}

@article{valverde2015:punctuated,
  author = {Valverde, Sergi and Solé, Ricard V.},
	title = {Punctuated equilibrium in the large-scale evolution of programming languages},
	volume = {12},
	doi = {10.1098/rsif.2015.0249},
	number = {107},
	journaltitle = {Journal of The Royal Society Interface},
	date = {2015},
}

@article{dmitriev2004:language,
	title = {Language oriented programming: The next programming paradigm},
	volume = {1},
	url = {http://www.onboard.jetbrains.com/articles/04/10/lop},
	pages = {1--13},
	number = {2},
	journaltitle = {{JetBrains} {onBoard}},
	author = {Dmitriev, Sergey},
	urldate = {2015-05-25},
	date = {2004},
}

@article{wile2004:lessons,
	title = {Lessons learned from real {DSL} experiments},
	volume = {51},
	doi = {10.1016/j.scico.2003.12.006},
	pages = {265--290},
	number = {3},
	journaltitle = {Science of Computer Programming},
	author = {Wile, David},
	date = {2004}
}

@article{spinellis2001:notable,
	title = {Notable design patterns for domain-specific languages},
	volume = {56},
	doi = {10.1016/S0164-1212(00)00089-3},
	pages = {91--99},
	number = {1},
	journaltitle = {Journal of Systems and Software},
	author = {Spinellis, Diomidis},
	date = {2001}
}

@article{mernik2005:dsls,
	title = {When and how to develop domain-specific languages},
	volume = {37},
  doi = {10.1145/1118890.1118892},
	pages = {316--344},
	number = {4},
	journaltitle = {{ACM} Computing Surveys ({CSUR})},
	author = {Mernik, Marjan and Heering, Jan and Sloane, Anthony M.},
	date = {2005}
}

@article{gibbons2014:folding,
 author = {Gibbons, Jeremy and Wu, Nicolas},
 title = {Folding Domain-specific Languages: Deep and Shallow Embeddings (Functional Pearl)},
 journal = {SIGPLAN Not.},
 volume = {49},
 number = {9},
 year = {2014},
 pages = {339--347},
 doi = {10.1145/2692915.2628138},
 publisher = {ACM},
 address = {New York}
} 

@report{havelund2010:case,
	title = {A Case Study in {DSL} Development},
	url = {http://www.havelund.com/Publications/scala-days-2010-dsl.pdf},
	author = {Havelund, Klaus and Ingham, Michel and Wagner, David},
	urldate = {2015-03-26},
  institution = {Scala Days 2010},
  date = {2010}
}

%%%%%%%%%%%%%%%%%%%%%%%%%%%%%%%%%%%%%%%%%%%%%%%%%%%%%%%%%%%%%%%%%%%%%%%%%%%%%%%%
%SCALA REFERENCES

@book{odersky2008:programming,
  title = {Programming in {Scala}},
  author = {Odersky, Martin and Spoon, Lex and Venners, Bill},
  year = {2008},
  publisher = {Artima},
  edition = {2}
}

@online{odersky2014:scala_spec,
  author = {Odersky, Martin and Altherr, Philippe and Cremet, Vincent and Dubochet, Gilles 
           and Emir, Burak and Haller, Philipp and Micheloud, Stéphane and Mihaylov, Nikolay
           and Moors, Adriaan and Rytz, Lukas and Schinz, Michel and Stenman, Erik 
           and Zenger, Matthias},
	title = {{Scala} Language Specification, Version 2.11},
	year = {2014},
	url = {http://www.scala-lang.org/files/archive/spec/2.11/},
	urldate = {2015-04-23}
}

@online{suereth:string_interpolation,
  author = {Suereth, Josh},
  title = {String Interpolation},
  url = {http://docs.scala-lang.org/overviews/core/string-interpolation.html},
  urldate = {2015-04-23}
}

@online{shabalin:quasiquotes,
  author = {Shabalin, Denys},
  title = {Quasiquotes: Introduction},
  url = {http://docs.scala-lang.org/overviews/quasiquotes/intro.html},
  urldate = {2015-04-23}
}

@techreport{shabalin2013:quasiquotes,
	title = {Quasiquotes for {Scala}},
	author = {Shabalin, Denys and Burmako, Eugene and Odersky, Martin},
	date = {2013},
  institution = {École Polytechnique Fédérale de Lausanne},
	url = {http://infoscience.epfl.ch/record/185242/files/QuasiquotesForScala.pdf},
	urldate = {2015-06-09}
}

%inproceedings
@techreport{burmako2013:macros,
	title = {{Scala} Macros},
%	booktitle = {Third International Valentin Turchin Workshop on Metacomputation},
	author = {Burmako, Eugene and Odersky, Martin},
	date = {2013},
  institution = {École Polytechnique Fédérale de Lausanne},
	url = {http://infoscience.epfl.ch/record/183862/files/2012-07-09-MetaPaper.pdf},
	urldate = {2015-06-09}
}

@online{voitot2013:json,
  title = {Play2 {JSON} Interpolation \& Pattern Matching},
  author = {Voitot, Pascal},
  date = {2013},
  url = {http://mandubian.com/2013/07/04/json-interpolation-pattern-matching/},
  urldate = {2015-04-22}
}

@misc{odersky2015:scala_state,
  title = {{Scala~--} where it came from, where it's going},
  author = {Odersky, Martin},
  date = {2015},
  howpublished = {Presentation},
  organization = {Scala Days San Francisco},
  url = {https://www.parleys.com/tutorial/scala-where-came-from-where-its-going},
  urldate = {2015-04-17}
}

@manual{odersky2012:value_classes,
  title = {{SIP}-{15~--} Value Classes},
  author = {Odersky, Martin and Olson, Jeff and Phillips, Paul and Suereth, Joshua},
  year = {2012},
  url = {http://docs.scala-lang.org/sips/completed/value-classes.html},
  urldate = {2015-05-17},
  note = {(Completed)}
}

@manual{miller2013:spores,
  title = {{SIP}-{21~--} Spores},
  author = {Miller, Heather and Odersky, Martin, and Haller, Philipp},
  year = {2013},
  url = {http://docs.scala-lang.org/sips/pending/spores.html},
  urldate = {2015-05-17},
  note = {(Pending)}
}

@manual{haller2013:async,
  title = {{SIP}-{22~--} Async},
  author = {Haller, Philipp and Zaugg, Jason},
  year = {2013},
  url = {http://docs.scala-lang.org/sips/pending/async.html},
  urldate = {2015-05-17},
  note = {(Pending)}
}

@article{oliveira2010:type-classes,
 author = {Oliveira, Bruno {C.d.S.} and Moors, Adriaan and Odersky, Martin},
 title = {Type Classes As Objects and Implicits},
 journal = {{SIGPLAN} Not.},
 volume = {45},
 number = {10},
 year = {2010},
 pages = {341--360},
 doi = {10.1145/1932682.1869489},
 publisher = {ACM},
 address = {New York},
} 

@online{sbt2015:reference,
  title = {sbt Reference Manual}, 
  year = {2015},
  url = {http://www.scala-sbt.org/0.13/docs/sbt-reference.pdf},
  urldate = {2015-06-22},
  version = {0.13},
  shorthand = {SBT15}
}


%%%%%%%%%%%%%%%%%%%%%%%%%%%%%%%%%%%%%%%%%%%%%%%%%%%%%%%%%%%%%%%%%%%%%%%%%%%%%%%%
% ACTION SYSTEMS

@article{hoare1978:communicating,
	title = {Communicating Sequential Processes},
	volume = {21},
	doi = {10.1145/359576.359585},
	number = {8},
	journaltitle = {Communications of the {ACM}},
	author = {Hoare, Charles Antony Richard},
	date = {1978},
}

@article{tretmans1996:conformance,
	title = {Conformance Testing with Labelled Transition Systems: 
           Implementation Relations and Test Generation},
	volume = {29},
	doi = {10.1016/S0169-7552(96)00017-7},
	number = {49},
	journaltitle = {Computer  Networks  and  {ISDN}  Systems},
	author = {Tretmans, Jan},
	date = {1996}
}

@article{back1988:distributed,
	title = {Distributed Cooperation with Action Systems},
	volume = {10},
	doi = {10.1145/48022.48023},
	pages = {513--554},
	number = {4},
	journaltitle = {{ACM} Transactions on Programming Languages and Systems ({TOPLAS})},
	author = {Back, Ralph J. R. and Kurki-Suonio, R.},
	date = {1988}
}

@inproceedings{back1983:decentralization,
  title = {Decentralization of process nets with centralized control},
  author = {Back, R. J. R. and Kurki-Suonio, R.},
  booktitle = {Proceedings of the second annual {ACM} Symposium on Principles of Distributed
                  Computing ({PODC})},
  pages = {131--142},
  year = {1983},
  publisher = {{ACM}}
}

@article{aichernig2015:model,
	title = {Model-based mutation testing via symbolic refinement checking},
	journal = {Science of Computer Programming},
	volume = {97},
	pages = {383--404},
	year = {2015},
	% note = {Special Issue: Selected Papers from the 12th International Conference on Quality Software
  %                 ({QSIC} 2012) },
	doi = {10.1016/j.scico.2014.05.004},
	author = {Aichernig, Bernhard K. and Jöbstl, Elisabeth and Tiran, Stefan}
}

@article{aichernig2014:killing,
	author = {Aichernig, Bernhard K. and Brandl, Harald and Jöbstl, Elisabeth and Krenn, Willibald and
                  Schlick, Rupert and Tiran, Stefan},
	title = {Killing strategies for model-based mutation testing},
	journal = {Software Testing, Verification and Reliability},
	doi = {10.1002/stvr.1522},
	year = {2014},
}

@article{aichernig2009:mutation,
  year = {2009},
  journal = {Formal Aspects of Computing},
  volume = {21},
  number = {1--2},
  doi = {10.1007/s00165-008-0083-6},
  title = {Mutation testing in {UTP}},
  publisher = {Springer},
  author = {Aichernig, Bernhard K. and Jifeng, He},
  pages = {33--64},
}

@phdthesis{jobstl2014:model-based,
	%location = {Graz},
	title = {Model-Based Mutation Testing with Constraint and {SMT} Solvers},
	institution = {Graz University of Technology},
	author = {Jöbstl, Elisabeth},
	date = {2014}
}

@article{hamlet1977:testing,
	author = {Hamlet, R.G.},
	journal = {{IEEE} Transactions on Software Engineering},
	title = {Testing Programs with the Aid of a Compiler},
	year = {1977},
	volume = {\textsc{se}-3},
	number = {4},
	pages = {279--290},
	doi = {10.1109/TSE.1977.231145}
}

@thesis{tappler2015:symbolic,
  author = {Tappler, Martin},
  title = {Symbolic Input Output Conformance Checking of Action System Models},
  type = {Master's thesis},
  institution = {Graz University of Technology},
  year = {2015}
}

@thesis{maderbacher2016:weak,
  author = {Benedikt Maderbacher},
  title = {Weak Mutation Analysis of Action System Models using Bounded Model Checking via {SMT}
                  Solving},
  type = {Bachelor's thesis},
  institution = {Graz University of Technology},
  year = {2016},
  addendum = {Unpublished}
}

% @book{wynne2012:cucumber,
%  author = {Wynne, Matt and Hellesoy, Aslak},
%  title = {The Cucumber Book: Behaviour-Driven Development for Testers and Developers},
%  year = {2012},
%  publisher = {Pragmatic Bookshelf}
% } 

% 
% @incollection{tretmans_model_2008,
% 	title = {Model Based Testing with Labelled Transition Systems},
% 	doi = {10.1007/978-3-540-78917-8_1},
% 	pages = {1--38},
% 	booktitle = {Formal methods and testing},
% 	publisher = {Springer},
% 	author = {Tretmans, Jan},
% 	urldate = {2015-03-26},
% 	date = {2008},
% }
% 
% @incollection{tretmans_test_1996,
% 	title = {Test Generation with Inputs, Outputs, and Quiescence},
% 	doi = {10.1007/3-540-61042-1_42},
% 	pages = {127--146},
% 	booktitle = {Tools and Algorithms for the Construction and Analysis of Systems},
% 	publisher = {Springer},
% 	author = {Tretmans, Jan},
% 	urldate = {2015-03-26},
% 	date = {1996},
% }